@inProceedings{Gouaillier2010ICHR,
  author        = {D. Gouaillier and C. Collette and C. Kilner},
  title         = {Omni-directional Closed-loop Walk for {NAO}},
  booktitle     = {Proceedings of the IEEE-RAS International Conference on Humanoid Robots},
  year          = {2010},
}

@Article{Herdt2010RSJAR,
  author        = {A. Herdt and H. Diedam and P.-B. Wieber and D. Dimitrov and K. Mombaur and M. Diehl},
  title         = {Online Walking Motion Generation with Automatic Foot Step Placement},
  journal       = {Advanced Robotics},
  year          = {2010},
  volume        = {24},
  number        = {5-6},
  pages         = {719--737},
}

@inProceedings{Kajita2003ICRA,
  author        = {S. Kajita and F. Kanehiro and K. Kaneko and K. Fujiwara and K. Harada and K. Yokoi and H. Hirukawa},
  title         = {Biped Walking Pattern Generation by using Preview Control of {Zero Moment Point}},
  booktitle     = {Proceedings of the IEEE International Conference on Robotics \& Automation},
  year          = {2003},
  pages         = {1620--1626},
  month         = {september},
}

@Article{Sardain2004ITSMC,
  author        = {P. Sardain and G. Bessonnet},
  title         = {Forces Acting on a Biped Robot. {Center of PressureÑZero Moment Point}},
  journal       = {IEEE Transactions on Systems, Man, and Cybernetics -- Part A},
  year          = {2004},
  month         = {september},
  volume        = {34},
  number        = {5},
  pages         = {630--637},
}


@InProceedings{
	bib.mingeuk.2010.IROS
	,AUTHOR = {Mingeuk, Kim and Dongil, Choi and Jun-Ho, Oh}
	,TITLE = {Stabilization of a Rapid Four-wheeled Moble Platform Using the ZMP Stabilization Method}
	,BOOKTITLE = {International Conference on Advanced Intelligent Mechatronics}
	,YEAR = {2010}
	,ADDRESS = {Montr\'eal, Canada}
}

@book{
	bib.nocedal.2000
  	,edition = {2nd}
  	,author = {J. Nocedal and S. J. Wright}
  	,title = {Numerical Optimization}
  	,publisher = {Springer}
  	,year = {2006}
  	,address = {New York}
}

@InProceedings{
	bib.yanjie.2006
	,AUTHOR = {Li, Yanjie and Tan, Dalong and Wu, Zhenwei and Zhong, Hua}
	,TITLE = {Dynamic Stability Analyses Based on ZMP of a Wheel-based Humanoid Robot}
	,BOOKTITLE = {International Conference on Robotics and Biomimetics}
	,YEAR = {2006}
	,address = {Kunming, China}
}

@article{
	bib.rey.1997
 	,author = {Moosavian, S. A. A. and Alipour, K.}
 	,title = {On the Dynamic Tip-over Stability of Wheeled Mobile Manipulators}
 	,journal = {Int. J. Robot. Autom.}
 	,volume = {22}
 	,number = {4}
 	,year = {2007}
 	,pages = {322--328}
 	,publisher = {ACTA Press}
 	,address = {Anaheim, CA, USA}
} 

@PhDThesis{
	bib.2008.spjotvold
	,AUTHOR = {J. Spjotvold}
	,TITLE = {Parametric Programming in Control Theory}
	,YEAR = {2008}
}

@InProceedings{
	bib.liu
  	,author = {Liu, Y. and Wu, X. and Zhu, J. and Lew, J.}
  	,title = {Omni-directional mobile robot controller design by trajectory linearization}
  	,booktitle = {Proceedings of the American Control Conference}
  	,year = {2003}
  	,volume = {4}
  	,pages = {3423-3428}
}

@article{
	bib.tamas.2003
   	,author = {Tamás Kalmár-nagy and Pritam Ganguly}
   	,title = {Near-optimal dynamic trajectory generation and control of an omnidirectional vehicle}
    	,journal = {Robotics and Autonomous Systems}
    	,year = {2004}
    	,volume = {46}
    	,pages = {47--64}
}

@InProceedings{
	bib.kiattisin.2009
  	,author    = {Kiattisin Kanjanawanishkul and Andreas Zell}
  	,title     = {Path Following for an Omnidirectional Mobile Robot Based on Model Predictive Control}
  	,booktitle = {Proceedings of the 2009 IEEE International Conference on Robotics and Automation (ICRA 2009)}
  	,year      = {2009}
  	,address   = {Kobe, Japan}
  	,month     = {May 12-17}
  	,pages     = {3341-3346}
}

@InProceedings{
	bib.watanabe.1998
  	,author = {Watanabe, K.}
  	,booktitle = {KES (1)}
  	,pages = {51-60}
  	,publisher = {IEEE}
  	,title = {Control of an omnidirectional mobile robot.}
  	,year = {1998}
}

@article{
	bib.pathak.2005
  	,author = {Pathak, Kaustubh and Franch, Jaume and Agrawal, Sunil Kumar}
  	,journal = {IEEE Transactions on Robotics}
  	,number = {3}
  	,pages = {505-513}
  	,title = {Velocity and position control of a wheeled inverted pendulum by partial feedback linearization.}
  	,volume = {21}
  	,year = {2005}
}

@article{
	bib.sun.2011
  	,author = {Liang, Sun and Gan, Feimei}
  	,booktitle = {EMEIT}
  	,pages = {3254-3257}
  	,publisher = {IEEE}
  	,title = {Balance control of two-wheeled robot based on reinforcement learning.}
  	,year = {2011}
}

@InProceedings{
	bib.mahler.2013
	,AUTHOR = {Mahler, B and Haase, J}
	,TITLE = {Mathematical model and control strategy of a two-wheeled self-balancing robot}
	,BOOKTITLE = {39th Annual Conference of the IEEE Industrial Electronics Society, IECON 2013}
	,pages = {4198-4203}
	,YEAR = {2013}
}

@InProceedings{
	bib.wu.2011
	,AUTHOR = {Wu, Junfeng}
	,TITLE = {A robust control method of two-wheeled self-balancing robot}
	,BOOKTITLE = {2011 6th International Forum on Strategic Technology (IFOST)}
	,pages = {1031-1035}
	,YEAR = {2011}
}

@InProceedings{
	bib.miasa.2010
	,AUTHOR = {Miasa, S and Al-Mjali, M and Al-Haj Ibrahim, A and Tutunji, T A}
	,TITLE = {Fuzzy control of a two-wheel balancing robot using DSPIC}
	,BOOKTITLE = {2010 7th International Multi-Conference on Systems Signals and Devices (SSD)}
	,pages = {1-6}
	,YEAR = {2010}
}

@InProceedings{
	bib.huang
	,AUTHOR = {Huang, Qiang and Sugano, Shigeki and Tanie, Kazuo}
	,TITLE = {Stability Compensation of a Mobile Manipulator by Manipulator Motion: Feasibility and Planning}
	,BOOKTITLE = {IEEE/RSJ International Conference on Intelligent Robots and Systems}
	,pages = {1285-1292}
	,YEAR = {1997}
}

@misc{
	bib.romeo
	,title = {Romeo Project}
	,organization = {http://projetromeo.com/}
}